<?xml version="1.0" encoding="UTF-8"?><collection xmlns="http://www.loc.gov/MARC21/slim"><record><leader>00526nam--2200169-i-4500</leader><controlfield tag="001">000001266</controlfield><controlfield tag="002">20161230</controlfield><controlfield tag="005">20170128145724</controlfield><controlfield tag="008">060222s1000------------r-----000-0-eng-d</controlfield><datafield ind1=" " ind2=" " tag="100"><subfield code="a">Giustina, G</subfield></datafield><datafield ind1=" " ind2=" " tag="245"><subfield code="a">Incorporation of carbon-14 dioxide by duck erythrocytes and reticulocytes in vitro</subfield></datafield><datafield ind1=" " ind2=" " tag="260"><subfield code="a">Milano</subfield><subfield code="b">Instituto Di Fisica Sperimentale Del Politecnico Di Milano</subfield></datafield><datafield ind1=" " ind2=" " tag="300"><subfield code="a">4 p., 1 Fig</subfield></datafield><datafield ind1=" " ind2=" " tag="490"><subfield code="a">Estratto Da: Reprinted From Nature</subfield></datafield><datafield ind1=" " ind2=" " tag="700"><subfield code="a">Lazzarini, E</subfield></datafield><datafield ind1=" " ind2=" " tag="852"><subfield code="a">6002</subfield></datafield><datafield ind1=" " ind2=" " tag="CAT"><subfield code="a">SYS</subfield><subfield code="c">20170128</subfield><subfield code="h">145724</subfield></datafield></record></collection>